@book{emmons_lewis_2008,
    place={Oxford},
    title={Researching the Song: A Lexicon},
    publisher={Oxford University Press},
    author={Emmons, Shirlee and Lewis, Wilbur Watkins},
    year={2008}
}

@book{drummond_1987,
    place={Rio de Janeiro, RJ},
    title={O Avesso Das Coisas},
    publisher={Editora Record},
    author={Drummond, Carlos de Andrade},
    year={1987}
}

@misc{lion_2016,
  author = {Davis, Garth},
  title = {Lion},
  howpublished = {Movie},
  date = {2016}
}

@book{mitchell_2001,
    place={New York, NY},
    title={Ghostwritten},
    publisher={Vintage Books},
    author={Mitchell, David},
    year={2001}
}

@misc{byrne_2008,
  author  = {Byrne, David and Eno, Brian},
  title   = {Everything That Happens Will Happen Today},
  year    = {2008}
} 