@book{schopenhauer_2009,
    place={London},
    title={The horrors and absurdities of religion},
    publisher={Penguin},
    author={Schopenhauer, Arthur},
    editor={Hollingdale, Reginald John},
    year={2009}
}

@book{eliot_2001,
    place={New York},
    title={The Waste Land},
    publisher={W.W. Norton},
    author={Eliot, T. S.},
    editor={North, Michael},
    year={2001}
}

@article{jenkins_2012,
    author = {Jenkins, Richard},
    year = {2012},
    month = {01},
    pages = {},
    title = {Disenchantment, Enchantment and Re-Enchantment: Max Weber at the Millennium},
    volume = {10},
    booktitle = {Mind and Matter}
}
