@InCollection{sep-computational-complexity,
	author       =	{Dean, Walter},
	title        =	{Computational Complexity Theory},
	booktitle    =	{The Stanford Encyclopedia of Philosophy},
	editor       =	{Edward N. Zalta},
	howpublished =	{\url{https://plato.stanford.edu/archives/win2016/entries/computational-complexity/}},
	year         =	{2016},
	edition      =	{Winter 2016},
	publisher    =	{Metaphysics Research Lab, Stanford University}
}

@InCollection{sep-turing-machine,
	author       =	{Barker-Plummer, David},
	title        =	{Turing Machines},
	booktitle    =	{The Stanford Encyclopedia of Philosophy},
	editor       =	{Edward N. Zalta},
	howpublished =	{\url{https://plato.stanford.edu/archives/win2016/entries/turing-machine/}},
	year         =	{2016},
	edition      =	{Winter 2016},
	publisher    =	{Metaphysics Research Lab, Stanford University}
}

@article{kleene_1943, title={Recursive Predicates and Quantifiers}, volume={53}, DOI={10.2307/1990131}, number={1}, journal={Transactions of the American Mathematical Society}, author={Kleene, S. C.}, year={1943}, pages={41}}

@article{post_1943, title={Formal Reductions of the General Combinatorial Decision Problem}, volume={65}, DOI={10.2307/2371809}, number={2}, journal={American Journal of Mathematics}, author={Post, Emil L.}, year={1943}, pages={197}}

@article{post_1944, author = "Post, Emil L.", fjournal = "Bulletin of the American Mathematical Society", journal = "Bull. Amer. Math. Soc.", month = "05", number = "5", pages = "284--316", publisher = "American Mathematical Society", title = "Recursively enumerable sets of positive integers and their decision problems", url = "https://projecteuclid.org:443/euclid.bams/1183505800", volume = "50", year = "1944"}

@article{turing_1937, title={On Computable Numbers, with an Application to the Entscheidungsproblem}, volume={s2-42}, DOI={10.1112/plms/s2-42.1.230}, number={1}, journal={Proceedings of the London Mathematical Society}, author={Turing, A. M.}, year={1937}, pages={230–265}}

@book{rolfsen_2004, place={Providence, RI}, title={Knots and links}, publisher={American Mathematical Society}, author={Rolfsen, Dale}, year={2004}}

@book{kozen_1997, place={New York}, title={Automata and Computability}, publisher={Springer}, author={Kozen, Dexter}, year={1997}}

@misc{kleinberg_2012, title={Notes on Turing Machines}, author={Kleinberg, Robert D}, year={2012}, month={04}}
https://www.cs.cornell.edu/courses/cs4820/2012su/handouts/turingm.pdf

@misc{kleinberg_2013, title={Notes on Turing Machines}, author={Kleinberg, Robert D}, year={2013}, month={04}}
https://www.cs.cornell.edu/courses/cs4820/2014sp/notes/kozen-computability-sp13.pdf

@incollection{cobham_1965,
	year = {1965},
	pages = {24--30},
	booktitle = {Logic, Methodology and Philosophy of Science: Proceedings of the 1964 International Congress (Studies in Logic and the Foundations of Mathematics)},
	author = {Alan Cobham},
	publisher = {North-Holland Publishing},
	title = {The Intrinsic Computational Difficulty of Functions},
	editor = {Yehoshua Bar{-}Hillel}
}

@inproceedings{cook_1971,
 author = {Cook, Stephen A.},
 title = {The Complexity of Theorem-proving Procedures},
 booktitle = {Proceedings of the Third Annual ACM Symposium on Theory of Computing},
 series = {STOC '71},
 year = {1971},
 location = {Shaker Heights, Ohio, USA},
 pages = {151--158},
 numpages = {8},
 url = {http://doi.acm.org/10.1145/800157.805047},
 doi = {10.1145/800157.805047},
 acmid = {805047},
 publisher = {ACM},
 address = {New York, NY, USA},
}

@book{leeuwen_1994, place={Amsterdam}, title={Handbook of Theoretical Computer Science}, publisher={Elsevier}, author={Leeuwen, Jan van}, year={1994}}

@book{goldreich_2008, place={Cambridge}, title={Computational complexity: a conceptual perspective}, publisher={Cambridge University Press}, author={Goldreich, Oded}, year={2008}}

@article{karp_1972, title={Reducibility among Combinatorial Problems}, DOI={10.1007/978-1-4684-2001-2_9}, journal={Complexity of Computer Computations}, author={Karp, Richard M.}, year={1972}, pages={85–103}}

@book{applegate_2007, place={Princeton, NJ}, title={The Traveling Salesman Problem: A Computational Study}, publisher={Princeton Univ. Press}, author={Applegate, David L.}, year={2007}}

@book{bondy_murty_2008, place={New York}, title={Graph theory}, publisher={Springer}, author={Bondy, John Adrian. and Murty, U. S. R.}, year={2008}}

@book{saussure_bally_sechehaye_urbain_riedlinger_2016, place={Paris}, title={Cours de linguistique générale}, publisher={Payot}, author={Saussure, Ferdinand de and Bally, Charles and Sechehaye, Charles Albert and Urbain, Jean-Didier and Riedlinger, Albert}, year={2016}}

@article{berger_2013, title={Semiotics and Society}, volume={51}, DOI={10.1007/s12115-013-9731-4}, number={1}, journal={Society}, author={Berger, Arthur Asa}, year={2013}, pages={22–26}}

@article{miner_1956, title={Body Ritual among the Nacirema}, volume={58}, DOI={10.1525/aa.1956.58.3.02a00080}, number={3}, journal={American Anthropologist}, author={Miner, Horace}, year={1956}, pages={503–507}}

@InCollection{sep-lacan,
	author       =	{Johnston, Adrian},
	title        =	{Jacques Lacan},
	booktitle    =	{The Stanford Encyclopedia of Philosophy},
	editor       =	{Edward N. Zalta},
	howpublished =	{\url{https://plato.stanford.edu/archives/win2016/entries/lacan/}},
	year         =	{2016},
	edition      =	{Winter 2016},
	publisher    =	{Metaphysics Research Lab, Stanford University}
}

@book{lacan_miller_2000, place={London}, title={The Psychoses: The Seminar of Jacques Lacan, Book III, 1955-1956}, publisher={Routledge}, author={Lacan, Jacques and Miller, Jacques-Alain}, year={2000}}

@book{swift_rivero_2002, place={New York}, title={Gullivers travels based on the 1726 text: contexts, criticism}, publisher={W.W. Norton}, author={Swift, Jonathan and Rivero, Albert J.}, year={2002}}

@book{zizek_2012, place={London}, title={Mapping ideology}, publisher={Verso}, author={Žižek, Slavoj}, year={2012}}
