@book{perry-bock-2012,
    place={Boston},
    title={Sources of the Western tradition},
    volume={2},
    publisher={Wadsworth Cengage Learning},
    author={Perry, Marvin and Bock, George W.},
    year={2012}
}

@book{rousseau-1997,
    place={Cambridge},
    title={Rousseau: The Social Contract and Other Later Political Writings},
    publisher={Cambridge University Press},
    author={Rousseau, Jean-Jaques and Gourevitch, Victor and Geuss, Raymond and Skinner, Quentin and Tuck, Richard},
    year={1997}
}

@inbook{locke-1988,
    place={Cambridge},
    series={Cambridge Texts in the History of Political Thought},
    title={Second Treatise},
    doi={10.1017/CBO9780511810268.011},
    booktitle={Locke: Two Treatises of Government},
    publisher={Cambridge University Press},
    author={Locke, John},
    editor={Laslett, Peter},
    year={1988},
    pages={265â€“428},
    collection={Cambridge Texts in the History of Political Thought}
}

@book{hegel-1991,
    place={Cambridge},
    series={Cambridge Texts in the History of Political Thought},
    title={Elements of The Philosophy of Right},
    publisher={Cambridge University Press},
    author={Hegel, Georg Wilhelm Friedrich and Wood, Allen W.},
    year={1991},
    collection={Cambridge Texts in the History of Political Thought}
}

@article{wortley-1710,
    title={Statute of Anne},
    author={Wortley, Edward},
    year={1710},
    month={Apr},
    url={http://avalon.law.yale.edu/18th_century/anne_1710.asp}
}
