@book{perry-bock-2012,
    place={Boston},
    title={Sources of the Western tradition},
    volume={2},
    publisher={Wadsworth Cengage Learning},
    author={Perry, Marvin and Bock, George W.},
    year={2012}
}
