@article{favale-2014,
    author = {Marcella Favale},
    title = {Death and resurrection of copyright between law and technology},
    journal = {Information \& Communications Technology Law},
    volume = {23},
    number = {2},
    pages = {117-135},
    year  = {2014},
    publisher = {Routledge},
    doi = {10.1080/13600834.2014.925631},
    URL = {https://doi.org/10.1080/13600834.2014.925631},
    eprint = {https://doi.org/10.1080/13600834.2014.925631}
}

@article{felten-2005,
    author = {Felten, Edward W.},
    title = {DRM and Public Policy},
    journal = {Commun. ACM},
    issue_date = {July 2005},
    volume = {48},
    number = {7},
    month = jul,
    year = {2005},
    issn = {0001-0782},
    pages = {112--},
    url = {http://doi.acm.org/10.1145/1070838.1070871},
    doi = {10.1145/1070838.1070871},
    acmid = {1070871},
    publisher = {ACM},
    address = {New York, NY, USA},
}

@article{gordon-1993,
    ISSN = {00440094},
    URL = {http://www.jstor.org/stable/796826},
    author = {Wendy J. Gordon},
    journal = {The Yale Law Journal},
    number = {7},
    pages = {1533--1609},
    publisher = {The Yale Law Journal Company, Inc.},
    title = {A Property Right in Self-Expression: Equality and Individualism in the Natural Law of Intellectual Property},
    volume = {102},
    year = {1993}
}

@inbook{locke-1988,
    place={Cambridge},
    series={Cambridge Texts in the History of Political Thought},
    title={Second Treatise},
    doi={10.1017/CBO9780511810268.011},
    booktitle={Locke: Two Treatises of Government},
    publisher={Cambridge University Press},
    author={Locke, John},
    editor={Laslett, PeterEditor},
    year={1988},
    pages={265â€“428},
    collection={Cambridge Texts in the History of Political Thought}
}

@book{hegel-1991,
    place={Cambridge},
    series={Cambridge Texts in the History of Political Thought},
    title={Elements of The Philosophy of Right},
    publisher={Cambridge University Press},
    author={Hegel, Georg Wilhelm Friedrich and Wood, Allen W.},
    year={1991},
    collection={Cambridge Texts in the History of Political Thought}
}

@article{netanel-2001,
    title={Locating Copyright Within the First Amendment Skein},
    volume={54},
    doi={10.2139/ssrn.267848},
    journal={Stanford Law Review},
    author={Netanel, Neil W.},
    year={2001},
    month={Oct}
}

@article{wortley-1710,
    title={Statute of Anne},
    author={Wortley, Edward},
    year={1710},
    month={Apr},
    url={http://avalon.law.yale.edu/18th_century/anne_1710.asp}
}

@inproceedings{goldstein-1996,
    author={Goldstein, Paul},
    editor={P. Bernt Hugenholtz},
    title={The Future of Copyright in a Digital Environment: Summary of Discussion},
    booktitle={he Future of Copyright in a Digital Environment: Proceedings of the Royal Academy Colloquium},
    year={1996}
}

@article{rushdie-1991,
    title={Excerpts From Rushdie's Address: 1,000 Days `Trapped Inside a Metaphor'},
    journal={The New York Times},
    url={https://archive.nytimes.com/www.nytimes.com/books/99/04/18/specials/rushdie-address.html},
    author={Salman Rushdie},
    year={1991},
    month={Dec}
}