@book{novak_1994,
    edition={1st},
    title={The World's Wisdom: Sacred Texts of the World's Religions},
    publisher={HarperOne},
    author={Novak, Philip},
    year={1994},
    ISBN={978-1269365352}
}
